@article{Firestone_article,
author = "Firestone, C., & Scholl, B. J.",
title = "Cognition does not affect perception: Evaluating the evidence for “top-down” effects. Behavioral and brain sciences",
journal = "",
year = "2016",
number = "e229",
pages = "39",
volume = "e229",
note = " ",
}

@article{Gonzalez,
author = "González, J.",
title = "Muchos datos, distribución Gaussiana y análisis estadístico [Apunte] Universidad Andrés Bello, Santiago,Chile.",
journal = " ",
year = "2021",
number = "e229",
pages = "39",
volume = "e229",
note = " ",
}

@article{Medina,
author = "Medina, Luis U., & Díaz, Sergio E.",
title = "Propagación de las incertidumbres en las mediciones aplicada a la identificación en el dominio de la frecuencia de matrices de inercia, rigidez y amortiguación de sistemas mecánicos.",
journal = "Ingeniería y Desarrollo",
year = "2018",
number = "36",
pages = "119-137",
volume = "1",
note = "https://doi.org/10.14482/inde.36.1.1094\\",
}
